@online{shortest-path,
	author = "{Wikipedia contributors}",
	title = {Shortest path problem - Wikipedia},
	year = 2020,
	url = {https://en.wikipedia.org/wiki/Shortest_path_problem},
	urldate = {2021-01-03}
}

@online{astar-tds,
	author = {Baijayanta Roy},
	title = {A-Star (A*) Search Algorithm},
	year = 2019,
	url = {https://towardsdatascience.com/a-star-a-search-algorithm-eb495fb156bb},
	urldate = {2021-01-03}
}

@online{astar-redblob,
	author = {Redblobgames.com},
	title = {Introduction To A*},
	year = 2020,
	url = {https://www.redblobgames.com/pathfinding/a-star/introduction.html},
	urldate = {2021-01-03}
}

@online{manhattan-distance,
	author = "{Wikipedia contributors}",
	title = {Taxicab geometry - Wikipedia},
	year = 2020,
	url = {https://en.wikipedia.org/wiki/Taxicab_geometry},
	urldate = {2021-01-03}
}

@online{astar-brainkart,
	author = "{Brainkart.com}",
	title = {A* Search: Concept, Algorithm, Implementation, Advantages, Disadvantages},
	year = 2019,
	url = {http://www.brainkart.com/article/A--Search--Concept,-Algorithm,-Implementation,-Advantages,-Disadvantages_8883/},
	urldate = {2021-01-03}
}

